@ARTICLE{SAR, 
	author={R. P. Perry and R. C. DiPietro and R. L. Fante}, 
	journal={IEEE Transactions on Aerospace and Electronic Systems}, 
	title={SAR imaging of moving targets}, 
	year={1999}, 
	volume={35}, 
	number={1}, 
	pages={188-200}, 
	keywords={array signal processing;feature extraction;image segmentation;interpolation;motion estimation;radar detection;radar imaging;radar target recognition;radar tracking;synthetic aperture radar;SAR imaging;average dominant scatter method;cubic defocusing terms;data chipping;deramped phase history;error removal;higher order defocusing terms;image azimuth scaling;image segmentation;keystone formatting;motion estimates;moving targets;one-dimensional interpolation;planar subarray processing;preprocessing;residual quadratic range migration errors;two-dimensional focusing;windowed strong scatter method;Focusing;High-resolution imaging;Interpolation;Layout;Motion estimation;Radar detection;Radar imaging;Radar polarimetry;Radar scattering;Synthetic aperture radar}, 
	doi={10.1109/7.745691}, 
	ISSN={0018-9251}, 
	month={Jan},}

@inproceedings{AU,
	title={Detection of Fast Moving and Accelerating Targets Compensating Range and Doppler Migration},
	author={S. Kodituwakku and Sandun Kodituwakku},
	year={2014}
}

@inproceedings{MAKeystone,
	title={The Keystone Transform for Correcting Range Migration in Range-Doppler Processing},
	author={Richards, M.A},
	year={2014}
}

@book{richards2005fundamentals,
	title={Fundamentals of Radar Signal Processing},
	author={Richards, M.A.},
	isbn={9780071444743},
	lccn={2005047891},
	series={  Professional Engineering},
	url={https://books.google.co.za/books?id=VOvsJ7G1oDEC},
	year={2005},
	publisher={Mcgraw-hill}
}
@INPROCEEDINGS{china, 
	author={Y. Li and T. Zeng and T. Long and Z. Wang}, 
	booktitle={2006 CIE International Conference on Radar}, 
	title={Range Migration Compensation and Doppler Ambiguity Resolution by Keystone Transform}, 
	year={2006}, 
	pages={1-4}, 
	keywords={Doppler radar;radar resolution;Doppler ambiguity resolution;Keystone transform;linear range migration compensation;parallel searching scheme;pulse repetition frequency;pulsed Doppler radar;target radial velocity;wideband signals;Bandwidth;Chirp modulation;Degradation;Doppler radar;Frequency;Missiles;Pulse modulation;Radar detection;Signal resolution;Signal to noise ratio;Doppler ambiguity;Keystone transform;Pulsed Doppler radar;range migration}, 
	doi={10.1109/ICR.2006.343404}, 
	month={Oct},}